@misc{BoltNew2024,
  title = {bolt.new: AI-Powered Full-Stack Web Development in the Browser},
  author = {StackBlitz},
  year = {2024},
  note = {Available at \url{https://github.com/stackblitz/bolt.new}}
}

@misc{BoltDIY2024,
  title = {bolt.diy: Open Source AI Coding Assistant},
  author = {StackBlitz Labs},
  year = {2024},
  note = {Available at \url{https://github.com/stackblitz-labs/bolt.diy}}
}

@article{Chen2021,
  author    = {Chen, Mark and others},
  title     = {Evaluating the Code Generation Capabilities of Large Language Models},
  journal   = {ArXiv},
  year      = {2021},
  eprint    = {2107.03374},
  archivePrefix = {arXiv},
  primaryClass  = {cs.CL},
  url       = {https://arxiv.org/abs/2107.03374}
}

@misc{OpenAI2022,
  author       = {OpenAI},
  title        = {GPT-3.5/4 系列},
  year         = {2022--2023},
  howpublished = {\url{https://openai.com}},
  note         = {访问日期：2023}
}

@misc{arxiv2401,
  title        = {Are SantaCoder and Other Code Models Ready for Production?},
  howpublished = {\url{https://arxiv.org/pdf/2401.14196}},
  year         = {2021},
  note         = {引用多次用于说明代码生成模型的能力与局限}
}

@misc{Li2022AlphaCode,
  author       = {Li, Y. and others},
  title        = {AlphaCode: Generating Code at Scale},
  year         = {2022},
  howpublished = {\url{https://example.com/alphacode}},
  note         = {示例条目}
}

@misc{Roziere2023,
  author       = {Roziere, B. and others},
  title        = {CodeLlama: Open and Efficient Code Generation},
  year         = {2023},
  howpublished = {\url{https://example.com/codellama}},
  note         = {示例条目}
}

@misc{Li2023StarCoder,
  author       = {Li, Z. and others},
  title        = {StarCoder: An Open-Source Model for Code Generation},
  year         = {2023},
  howpublished = {\url{https://example.com/starcoder}},
  note         = {示例条目}
}

@misc{LLMCodeGraph2024,
  author       = {作者待定},
  title        = {Bridging Large Language Models and Code Repositories via Code Graph Databases},
  year         = {2024},
  eprint       = {2408.03910},
  archivePrefix = {arXiv},
  primaryClass  = {cs.CL},
  url          = {https://ar5iv.org/pdf/2408.03910}
}

@misc{DivaCopilot,
  title        = {GitHub Copilot 使用报告},
  howpublished = {\url{https://www.diva-portal.org/smash/get/diva2:1877570/FULLTEXT01.pdf}},
  year         = {2021},
  note         = {引用于讨论 Copilot 的上下文局限性}
}

@misc{Guo2024,
  author       = {Guo, X. and others},
  title        = {DeepSeek-Coder: Extending Context Windows for Code Generation},
  year         = {2024},
  howpublished = {\url{https://arxiv.org/pdf/2401.14196}},
  note         = {示例条目}
}

@misc{Liu2024CodeXGraph,
  author       = {Liu, Y. and others},
  title        = {CodeXGraph: Retrieval-Augmented Code Generation via Graph Databases},
  year         = {2024},
  howpublished = {\url{https://example.com/codexgraph}},
  note         = {示例条目}
}

@misc{CursorReview,
  author       = {作者待定},
  title        = {How I write code using Cursor: A review},
  year         = {2023},
  howpublished = {\url{https://www.arguingwithalgorithms.com/posts/cursor-review.html}},
  note         = {引用于介绍 Cursor 工具}
}

@misc{ContinueDev,
  author       = {作者待定},
  title        = {The Swiss Army Knife That Sometimes Fails to Cut},
  year         = {2023},
  howpublished = {\url{https://dev.to/maximsaplin/continuedev-the-swiss-army-knife-that-sometimes-fails-to-cut-4gg3}},
  note         = {引用于介绍 Cursor 与 Continue 的反馈机制}
}

@misc{FirstBlush2023,
  author       = {作者待定},
  title        = {ChatGPT’s Code Interpreter a Giant Leap Forward},
  year         = {2023},
  howpublished = {\url{https://aigenealogyinsights.com/2023/07/11/first-blush-chatgpts-code-interpreter-a-giant-leap-forward/}},
  note         = {引用于介绍 Code Interpreter 的功能}
}

@misc{ChatGPTUsage2023,
  author       = {作者待定},
  title        = {Unveiling ChatGPT’s Usage in Open Source Projects: A Mining-based Study},
  year         = {2023},
  howpublished = {\url{https://arxiv.org/html/2402.16480v1}},
  note         = {引用于讨论 CI/CD 中 ChatGPT 的应用}
}

@misc{Mathews2024TDD,
  author       = {Mathews, A. and Nagappan, N.},
  title        = {Test-Driven Development for Code Generation},
  year         = {2024},
  howpublished = {\url{https://arxiv.org/abs/2402.13521}},
  note         = {引用于讨论 TDD 对 LLM 代码生成的影响}
}

@misc{MetaGPT2023,
  author       = {Hong, J. and others},
  title        = {MetaGPT: Meta Programming for a Multi-Agent Collaborative Framework},
  year         = {2023},
  howpublished = {\url{https://ar5iv.org/pdf/2308.00352}},
  note         = {引用于介绍多代理协同的框架}
}

@misc{LCG2024,
  author       = {Lin, P. and others},
  title        = {When LLM-based Code Generation Meets the Software Development Process},
  year         = {2024},
  howpublished = {\url{https://ar5iv.org/pdf/2403.15852}},
  note         = {引用于讨论多代理方法在代码生成中的应用}
}

@misc{Thomas2023,
  author       = {Thomas, P. W.},
  title        = {Inline LLM Code Completions in VSCode without GitHub Copilot},
  year         = {2023},
  howpublished = {\url{https://patrickwthomas.net/inline-llm-code-completions-in-vscode-without-github-copilot/}},
  note         = {引用于介绍 Continue 的扩展功能}
}

@misc{ContinueMarketplace,
  title        = {Continue - Codestral, Claude, and more},
  year         = {2023},
  howpublished = {\url{https://marketplace.visualstudio.com/items?itemName=Continue.continue}},
  note         = {引用于介绍 Continue 的市场情况}
}

% 外文资料的书面翻译
@article{fan2023large,
  title   = {Large Language Models for Software Engineering: Survey and Open Problems},
  author  = {Fan, Angela and Gokkaya, Beliz and Harman, Mark and Lyubarskiy, Mitya and Sengupta, Shubho and Yoo, Shin and Zhang, Jie M.},
  journal = {arXiv preprint arXiv:2310.03533},
  year    = {2023},
  url     = {https://arxiv.org/abs/2310.03533},
  note    = {Accessed: 2025-01-08}
}
